<record><leader>00000cas a22000007a 4500</leader><controlfield tag="001">28031487</controlfield><controlfield tag="008">930503d19271928moudr ne      0    0yid d</controlfield><datafield ind1=" " ind2=" " tag="010"><subfield code="a">sn 93062910 </subfield></datafield><datafield ind1=" " ind2=" " tag="040"><subfield code="a">YOX</subfield><subfield code="b">eng</subfield><subfield code="c">YOX</subfield><subfield code="d">IUL</subfield><subfield code="d">OCLCQ</subfield><subfield code="d">OCLCF</subfield><subfield code="d">OCLCO</subfield><subfield code="d">IUL</subfield></datafield><datafield ind1=" " ind2=" " tag="066"><subfield code="c">(2</subfield></datafield><datafield ind1="0" ind2=" " tag="041"><subfield code="a">yid</subfield><subfield code="a">eng</subfield></datafield><datafield ind1=" " ind2=" " tag="042"><subfield code="a">msc</subfield></datafield><datafield ind1=" " ind2=" " tag="043"><subfield code="a">n-us-mo</subfield></datafield><datafield ind1="0" ind2="4" tag="245"><subfield code="6">880-01</subfield><subfield code="a">Der idisher t&#803;eglikher rek&#803;ord =</subfield><subfield code="b">The Jewish daily record.</subfield></datafield><datafield ind1="3" ind2="1" tag="246"><subfield code="a">Jewish daily record</subfield></datafield><datafield ind1=" " ind2=" " tag="260"><subfield code="a">St. Louis, Mo. :</subfield><subfield code="b">[s.n.],</subfield><subfield code="c">1927-1928.</subfield></datafield><datafield ind1=" " ind2=" " tag="300"><subfield code="a">2 v. :</subfield><subfield code="b">ill.</subfield></datafield><datafield ind1=" " ind2=" " tag="310"><subfield code="a">Daily</subfield></datafield><datafield ind1="0" ind2=" " tag="362"><subfield code="a">Vol. 14, no. 693 (May 1, 1927)-v. 15, no. 893 (Jan. 31, 1928).</subfield></datafield><datafield ind1=" " ind2=" " tag="500"><subfield code="a">Yiddish title of The Jewish daily record (May 1, 1927-Jan. 31, 1928) as indicated on the masthead is Der idisher rek&#803;ord. Within the newspaper, in title of articles or advertisments, the newspaper refered to itself as Der t&#803;eglikher idisher rek&#803;ord.</subfield></datafield><datafield ind1=" " ind2=" " tag="515"><subfield code="a">Mistake in issue numbering: last issue of this title and first issue of succeeding title are both numbered 893.</subfield></datafield><datafield ind1=" " ind2=" " tag="530"><subfield code="a">Issued on microfilm by RL Microfilms for the Balch Institute for Ethnic Studies.</subfield></datafield><datafield ind1=" " ind2=" " tag="546"><subfield code="a">In Yiddish (Hebrew script) and English.</subfield></datafield><datafield ind1=" " ind2="0" tag="651"><subfield code="a">Saint Louis (Mo.)</subfield><subfield code="v">Newspapers.</subfield></datafield><datafield ind1=" " ind2="0" tag="650"><subfield code="a">Jews</subfield><subfield code="z">Missouri</subfield><subfield code="z">Saint Louis</subfield><subfield code="v">Newspapers.</subfield></datafield><datafield ind1=" " ind2="7" tag="650"><subfield code="a">Jews.</subfield><subfield code="2">fast</subfield><subfield code="0">(OCoLC)fst00983135</subfield></datafield><datafield ind1=" " ind2="7" tag="651"><subfield code="a">Missouri</subfield><subfield code="z">Saint Louis.</subfield><subfield code="2">fast</subfield><subfield code="0">(OCoLC)fst01204930</subfield></datafield><datafield ind1=" " ind2="7" tag="655"><subfield code="a">Newspapers.</subfield><subfield code="2">fast</subfield><subfield code="0">(OCoLC)fst01423814</subfield></datafield><datafield ind1=" " ind2=" " tag="752"><subfield code="a">United States</subfield><subfield code="b">Missouri</subfield><subfield code="d">Saint Louis.</subfield></datafield><datafield ind1="0" ind2="0" tag="780"><subfield code="t">Idisher rek&#803;ord (Saint Louis, Mo. : 1915)</subfield><subfield code="w">(DLC)sn 90061494</subfield><subfield code="w">(OCoLC)22700586</subfield></datafield><datafield ind1="0" ind2="0" tag="785"><subfield code="t">Idisher rek&#803;ord (Saint Louis, Mo. : 1928)</subfield><subfield code="w">(DLC)sn 93062911</subfield><subfield code="w">(OCoLC)28031525</subfield></datafield><datafield ind1="0" ind2="4" tag="880"><subfield code="6">245-01/(2/r</subfield><subfield code="a">&#1491;&#1506;&#1512; &#1496;&#1506;&#1490;&#1500;&#1497;&#1499;&#1506;&#1512; &#1488;&#1497;&#1491;&#1497;&#1513;&#1506;&#1512; &#1512;&#1506;&#1511;&#1488;&#1512;&#1491; =</subfield><subfield code="b">The Jewish daily record.</subfield></datafield><datafield ind1="1" ind2=" " tag="029"><subfield code="a">AU@</subfield><subfield code="b">000020734490</subfield></datafield></record>